<?xml version="1.0" encoding="UTF-8"?>
<record xmlns="http://www.loc.gov/MARC21/slim" xmlns:xsi="http://www.w3.org/2001/XMLSchema-instance" xsi:schemaLocation="http://www.loc.gov/MARC21/slim http://www.loc.gov/standards/marcxml/schema/MARC21slim.xsd">
<leader>00000cam a22      i 4500</leader>
<controlfield tag="001">001729650</controlfield>
<controlfield tag="003">NNU</controlfield>
<controlfield tag="005">20150610161253.0</controlfield>
<controlfield tag="008">890905s1928    sy            000 0caraod</controlfield>
<datafield tag="035" ind1=" " ind2=" ">
<subfield code="a">(OCoLC)20300215</subfield>
<subfield code="z">(OCoLC)48215318</subfield>
</datafield>
<datafield tag="040" ind1=" " ind2=" ">
<subfield code="a">WAU</subfield>
<subfield code="b">eng</subfield>
<subfield code="c">WAU</subfield>
<subfield code="d">OCLCQ</subfield>
<subfield code="d">CGU</subfield>
<subfield code="d">OCLCQ</subfield>
<subfield code="d">OCLCF</subfield>
<subfield code="d">OCLCQ</subfield>
<subfield code="d">OCLCO</subfield>
<subfield code="d">NNU</subfield>
</datafield>
<datafield tag="050" ind1=" " ind2="4">
<subfield code="a">BP136.48</subfield>
<subfield code="b">.D563 1928</subfield>
</datafield>
<datafield tag="100" ind1="1" ind2=" ">
<subfield code="6">880-01</subfield>
<subfield code="a">Ḥusaynī, Shams al-Dīn Muḥammad ibn ʻAlī,</subfield>
<subfield code="d">1315-1364.</subfield>
</datafield>
<datafield tag="245" ind1="1" ind2="0">
<subfield code="6">880-02</subfield>
<subfield code="a">Dhayl tadhkirat al-ḥuffāẓ lil-Dhahabī /</subfield>
<subfield code="c">taʼlīf al-Hāfiẓ Abī al-Maḥāsin al-Ḥusaynī al-Dimashqī. Wa-yalīh Laḥẓ al-alḥāz bi-dhayl Ṭabaqāt al-ḥuffāẓ, lil-ḥafiẓ Taqī al-Dīn Muḥammad ibn Fahd al-Makkī. Wa-yatlūh Dhayl Ṭabaqāt al-ḥuffāẓ lil-Dhahabī, lil-ḥāfiẓ Jalāl al-Dīn ʻAbd al-Raḥmān al-Suyūṭī.</subfield>
</datafield>
<datafield tag="246" ind1="3" ind2=" ">
<subfield code="6">880-03</subfield>
<subfield code="a">Laḥẓ al-alḥāẓ bi-dhayl Ṭabaqāt al-ḥuffāẓ</subfield>
</datafield>
<datafield tag="246" ind1="3" ind2=" ">
<subfield code="6">880-04</subfield>
<subfield code="a">Dayl Ṭabaqāt al-ḥuffāẓ lil-Dhahabī</subfield>
</datafield>
<datafield tag="260" ind1=" " ind2=" ">
<subfield code="6">880-05</subfield>
<subfield code="a">Dimashq :</subfield>
<subfield code="b">[Maṭbaʻat al-Ṭawfīq],</subfield>
<subfield code="c">1347 [1928]</subfield>
</datafield>
<datafield tag="300" ind1=" " ind2=" ">
<subfield code="a">454 pages</subfield>
<subfield code="c">23 cm.</subfield>
</datafield>
<datafield tag="336" ind1=" " ind2=" ">
<subfield code="a">text</subfield>
<subfield code="b">txt</subfield>
<subfield code="2">rdacontent</subfield>
</datafield>
<datafield tag="337" ind1=" " ind2=" ">
<subfield code="a">unmediated</subfield>
<subfield code="b">n</subfield>
<subfield code="2">rdamedia</subfield>
</datafield>
<datafield tag="338" ind1=" " ind2=" ">
<subfield code="a">volume</subfield>
<subfield code="b">nc</subfield>
<subfield code="2">rdacarrier</subfield>
</datafield>
<datafield tag="500" ind1=" " ind2=" ">
<subfield code="a">Each work also has special t.p.</subfield>
</datafield>
<datafield tag="650" ind1=" " ind2="0">
<subfield code="a">Hadith</subfield>
<subfield code="x">Authorities.</subfield>
</datafield>
<datafield tag="650" ind1=" " ind2="0">
<subfield code="a">Muslims</subfield>
<subfield code="v">Biography.</subfield>
</datafield>
<datafield tag="650" ind1=" " ind2="7">
<subfield code="a">Hadith</subfield>
<subfield code="x">Authorities.</subfield>
<subfield code="2">fast</subfield>
<subfield code="0">(OCoLC)fst00950115</subfield>
</datafield>
<datafield tag="650" ind1=" " ind2="7">
<subfield code="a">Muslims.</subfield>
<subfield code="2">fast</subfield>
<subfield code="0">(OCoLC)fst01031029</subfield>
</datafield>
<datafield tag="655" ind1=" " ind2="7">
<subfield code="a">Biography.</subfield>
<subfield code="2">fast</subfield>
<subfield code="0">(OCoLC)fst01423686</subfield>
</datafield>
<datafield tag="700" ind1="1" ind2="2">
<subfield code="6">880-06</subfield>
<subfield code="a">Dhahabī, Muḥammad ibn Aḥmad,</subfield>
<subfield code="d">1274-1348</subfield>
<subfield code="t">Tadhkirat al-ḥuffāz.</subfield>
</datafield>
<datafield tag="700" ind1="1" ind2="2">
<subfield code="6">880-07</subfield>
<subfield code="a">Dhahabī, Muḥammad ibn Aḥmad,</subfield>
<subfield code="d">1274-1348</subfield>
<subfield code="t">Ṭabaqāt al-ḥuffāẓ.</subfield>
</datafield>
<datafield tag="700" ind1="1" ind2="2">
<subfield code="6">880-08</subfield>
<subfield code="a">Ibn Fahd, Taqī al-Dīn Muḥammad al-Makkī.</subfield>
<subfield code="t">Laḥẓ al-alḥāẓ bi-dhayl ṭabaqāt al-ḥuffāz.</subfield>
</datafield>
<datafield tag="700" ind1="0" ind2="2">
<subfield code="6">880-09</subfield>
<subfield code="a">Suyūṭī,</subfield>
<subfield code="d">1445-1505.</subfield>
<subfield code="t">Dhayl Ṭabaqāt al-ḥuffāẓ lil-Dhahabi</subfield>
</datafield>
<datafield tag="880" ind1="1" ind2=" ">
<subfield code="6">100-01/</subfield>
<subfield code="a">حسيني، شمس الدين محمد بن علي،</subfield>
<subfield code="d">1315-1364.</subfield>
</datafield>
<datafield tag="880" ind1="1" ind2="0">
<subfield code="6">245-02/</subfield>
<subfield code="a">ذيل تذكرة الحفاظ للذهبي /</subfield>
<subfield code="c">تأليف أبي المحاسن الحسيني الدمشقي. ويليه لحظ الألحاظ بذيل طبقات الحفاظ / لتقي الدين محمد بن فهد المكي. ويتلوه ذيل طبقات الحفاظ للذهبي / لجلال الدين عبد الرحمن السيوطي.</subfield>
</datafield>
<datafield tag="880" ind1="3" ind2=" ">
<subfield code="6">246-03/</subfield>
<subfield code="a">لحظ الألحاظ بذيل طبقات الحفاظ</subfield>
</datafield>
<datafield tag="880" ind1="3" ind2=" ">
<subfield code="6">246-04/</subfield>
<subfield code="a">ديل طبقات الحفاظ للذهبي</subfield>
</datafield>
<datafield tag="880" ind1=" " ind2=" ">
<subfield code="6">260-05/</subfield>
<subfield code="a">دمشق :</subfield>
<subfield code="b">[مطبعة التوفيق]،</subfield>
<subfield code="c">1347 [1928]</subfield>
</datafield>
<datafield tag="880" ind1="1" ind2="2">
<subfield code="6">700-06/</subfield>
<subfield code="a">ذهبي، محمد بن أحمد.</subfield>
<subfield code="t">تذكرة الحفاظ.</subfield>
</datafield>
<datafield tag="880" ind1="1" ind2="2">
<subfield code="6">700-07/</subfield>
<subfield code="a">ذهبي، محمد بن أحمد.</subfield>
<subfield code="t">طبقات الحفاظ.</subfield>
</datafield>
<datafield tag="880" ind1="1" ind2="2">
<subfield code="6">700-08/</subfield>
<subfield code="a">ابن فهد، تقي الدين محمدالمكي.</subfield>
<subfield code="t">لحظ الالحاظ بذيل طبقات الحفاظ.</subfield>
</datafield>
<datafield tag="880" ind1="0" ind2="2">
<subfield code="6">700-09/</subfield>
<subfield code="a">سيوطي.</subfield>
<subfield code="t">ذيل طبقات الحفاظ.</subfield>
</datafield>
<datafield tag="OWN" ind1=" " ind2=" ">
<subfield code="a">GENERAL</subfield>
</datafield>
<datafield tag="AVA" ind1=" " ind2=" ">
<subfield code="a">NYU50</subfield>
<subfield code="b">BOBST</subfield>
<subfield code="c">Main Collection</subfield>
<subfield code="d">BP136.48 .D563 1928</subfield>
<subfield code="e">unavailable</subfield>
<subfield code="t">Unavailable</subfield>
<subfield code="f">1</subfield>
<subfield code="g">1</subfield>
<subfield code="h">N</subfield>
<subfield code="i">0</subfield>
<subfield code="j">MAIN</subfield>
<subfield code="k">0</subfield>
</datafield>
</record>
